<record><leader>00000cas a22000007a 4500</leader><controlfield tag="001">16678052</controlfield><controlfield tag="008">870914d19141927iauwr ne      0    0eng d</controlfield><datafield ind1=" " ind2=" " tag="010"><subfield code="a">sn 87058639 </subfield></datafield><datafield ind1=" " ind2=" " tag="040"><subfield code="a">INP</subfield><subfield code="b">eng</subfield><subfield code="c">INP</subfield><subfield code="d">OCLCQ</subfield></datafield><datafield ind1=" " ind2=" " tag="042"><subfield code="a">msc</subfield></datafield><datafield ind1="0" ind2="4" tag="245"><subfield code="a">The Odebolt news.</subfield></datafield><datafield ind1=" " ind2=" " tag="260"><subfield code="a">Odebolt, Sac Co., Iowa :</subfield><subfield code="b">D. Phillips,</subfield><subfield code="c">1914-1927.</subfield></datafield><datafield ind1=" " ind2=" " tag="300"><subfield code="a">14 v.</subfield></datafield><datafield ind1=" " ind2=" " tag="310"><subfield code="a">Weekly</subfield></datafield><datafield ind1="0" ind2=" " tag="362"><subfield code="a">Vol. 1, no. 1 (Mar. 12, 1914)-v. 14, no. 35 (Dec. 1, 1927).</subfield></datafield><datafield ind1=" " ind2=" " tag="500"><subfield code="a">Includes sections called: The Boyer booster, Apr. 27, 1922-Apr. 3, 1924; The Nemaha bugle, Nov. 2, 1922-Jan. 4, 1923.</subfield></datafield><datafield ind1=" " ind2=" " tag="500"><subfield code="a">Publisher varies.</subfield></datafield><datafield ind1=" " ind2=" " tag="752"><subfield code="a">United States</subfield><subfield code="b">Iowa</subfield><subfield code="c">Sac</subfield><subfield code="d">Odebolt.</subfield></datafield><datafield ind1=" " ind2=" " tag="752"><subfield code="a">United States</subfield><subfield code="b">Iowa</subfield><subfield code="c">Crawford</subfield><subfield code="d">Boyer.</subfield></datafield><datafield ind1=" " ind2=" " tag="752"><subfield code="a">United States</subfield><subfield code="b">Iowa</subfield><subfield code="c">Sac</subfield><subfield code="d">Nemaha.</subfield></datafield><datafield ind1="0" ind2="4" tag="785"><subfield code="t">Odebolt chronicle</subfield><subfield code="w">(DLC)sn 87058641</subfield><subfield code="w">(OCoLC)16678035</subfield></datafield><datafield ind1="1" ind2=" " tag="787"><subfield code="t">Nemaha bugle</subfield></datafield><datafield ind1="1" ind2=" " tag="787"><subfield code="t">Boyer booster</subfield></datafield></record>